@book{Datenblatt_TM4C1294,
author = {N.N},
title = {Tiva™ TM4C1294NCPDT Microcontroller DATA SHEET},
publisher = {Texas Instruments Incorporated},
year = 2014,
edition  = {DS-TM4C1294NCPDT-15863.2743 SPMS433B},
}

@book{Aufgabenstellung_2a,
	author = {K.R. Riemschneider, HAW Hamburg},\\
	title = {Aufgabe 2: Serielle Schnittstelle,\\ http://www.elearning.haw-hamburg.de/mod/resource/view.php?id=155393},\\
	year = 2013,
}

@book{Aufgabenstellung_4,
author = {N.N},
title = {Aufgabe 4 LED Pendel (Swinging LED), http://www.elearning.haw-hamburg.de/mod/resource/view.php?id=127639},
publisher = {HAW Hamburg}
month = 07,
year = 2016,
}

@book{Aufgabenstellung_5,
author = {Prof. Lehmann, HAW Hamburg},
title = {Aufgabe 5 Eingabe über eine Hexadezimal-Tastatur, http://www.elearning.haw-hamburg.de/mod/resource/view.php?id=127640},
year = 2016,
}



@book{Skript_Riemschneider,
author = {K. R. Riemschneider HAW Hamburg},
title = {07 Foliensatz Serielle Kommunikation UART Handout \\ http://www.elearning.haw-hamburg.de/mod/resource/view.php?id=673295},
year = 2016,
}


